% Articles %%%%%%%%%%%%%%%%%%%%%%%%%%%%%%%%%%%%%%%%%%%%%%%%%%%%%%%%%%%%%%%%%%%%%

@inproceedings{conf/sfp/StutterheimAP17,
  author    = {Jurri{\"{e}}n Stutterheim and
               Peter Achten and
               Rinus Plasmeijer},
  title     = {Maintaining Separation of Concerns Through Task Oriented Software
               Development},
  booktitle = {Trends in Functional Programming - 18th International Symposium, {TFP}
               2017, Canterbury, UK},
  year      = {2017},
}

@proceedings{DBLP:conf/sfp/2014,
  editor    = {Jurriaan Hage and
               Jay McCarthy},
  title     = {Trends in Functional Programming - 15th International Symposium, {TFP}
               2014, Soesterberg, The Netherlands, May 26-28, 2014. Revised Selected
               Papers},
  series    = {Lecture Notes in Computer Science},
  volume    = {8843},
  publisher = {Springer},
  year      = {2015},
  url       = {https://doi.org/10.1007/978-3-319-14675-1},
  doi       = {10.1007/978-3-319-14675-1},
  isbn      = {978-3-319-14674-4},
  timestamp = {Tue, 14 May 2019 10:00:44 +0200},
  biburl    = {https://dblp.org/rec/bib/conf/sfp/2014},
  bibsource = {dblp computer science bibliography, https://dblp.org}
}

@Article{NguyenTH2017,
  title =	"Higher order symbolic execution for contract verification and refutation",
  author =	"Phuc C. Nguyen and Sam Tobin-Hochstadt and David Van Horn",
  journal =	"J. Funct. Program",
  year = 	"2017",
  volume =	"27",
  bibdate =	"2017-05-27",
  bibsource =	"DBLP,
		 http://dblp.uni-trier.de/https://doi.org/10.1017/S0956796816000216;
		 DBLP,
		 http://dblp.uni-trier.de/db/journals/jfp/jfp27.html#NguyenTH17",
}

@InProceedings{FindlerF2002,
  author =	"Robert Bruce Findler and Matthias Felleisen",
  title =	"Contracts for higher-order functions",
  booktitle =	"ICFP",
  year = 	"2002",
  pages =	"48--59",
  bibsource =	"DBLP, http://dblp.uni-trier.de",
}

@InCollection{JaffarMNS2012,
  author =	"Joxan Jaffar and Vijayaraghavan Murali and Jorge A. Navas and Andrew E. Santosa",
  editor =	"P. Madhusudan and Sanjit A. Seshia",
  title =	"{TRACER}: {A} Symbolic Execution Tool for Verification",
  booktitle =	"Computer Aided Verification (23ed CAV'12)",
  series =	"Lecture Notes in Computer Science (LNCS)",
  volume =	"7358",
  pages =	"758--766",
  publisher =	"Springer-Verlag (New York)",
  address =	"Berkeley, CA, USA",
  month =	jul,
  year = 	"2012",
}

@InProceedings{CadarDE2008,
  author =	"Cristian Cadar and Daniel Dunbar and Dawson R. Engler",
  editor =	"Richard Draves and Robbert van Renesse",
  title =	"{KLEE}: Unassisted and Automatic Generation of
		 High-Coverage Tests for Complex Systems Programs",
  booktitle =	"Proceedings 8th USENIX Symposium on Operating Systems
		 Design and Implementation (8th OSDI'08)",
  pages =	"209--224",
  publisher =	"USENIX Association",
  address =	"San Diego, California, USA",
  month =	dec,
  year = 	"2008",
  keywords =	"programming language technique,",
}

@Article{ChangKT2018,
  title =	"Symbolic types for lenient symbolic execution",
  author =	"Stephen Chang and Alex Knauth and Emina Torlak",
  journal =	"PACMPL",
  year = 	"2018",
  number =	"POPL",
  volume =	"2",
  bibdate =	"2018-11-06",
  bibsource =	"DBLP,
		 http://dblp.uni-trier.de/https://doi.org/10.1145/3158128;
		 DBLP,
		 http://dblp.uni-trier.de/db/journals/pacmpl/pacmpl2.html#ChangKT18",
  pages =	"40:1--40:29",
}


@inproceedings{Boyer1975,
 author = {Boyer, Robert S. and Elspas, Bernard and Levitt, Karl N.},
 title = {SELECT - a Formal System for Testing and Debugging Programs by Symbolic Execution},
 booktitle = {Proceedings of the International Conference on Reliable Software},
 year = {1975},
 location = {Los Angeles, California},
 pages = {234--245},
 numpages = {12},
 url = {http://doi.acm.org/10.1145/800027.808445},
 doi = {10.1145/800027.808445},
 acmid = {808445},
 publisher = {ACM},
 address = {New York, NY, USA},
 keywords = {Program debugging, Program testing, Program verification, Solution of systems of inequalities, Symbolic execution, Test data generation},
}

@article{King1975,
 author = {King, James C.},
 title = {A New Approach to Program Testing},
 journal = {SIGPLAN Notices},
 issue_date = {June 1975},
 volume = {10},
 number = {6},
 month = apr,
 year = {1975},
 issn = {0362-1340},
 pages = {228--233},
 numpages = {6},
 url = {http://doi.acm.org/10.1145/390016.808444},
 doi = {10.1145/390016.808444},
 acmid = {808444},
 publisher = {ACM},
 address = {New York, NY, USA},
 keywords = {Program correctness, Program testing, Program verification, Symbolic execution, Symbolic interpretation},
}

@article{GiantsiosPS2017,
  author    = {Aggelos Giantsios and
               Nikolaos Papaspyrou and
               Konstantinos Sagonas},
  title     = {Concolic testing for functional languages},
  journal   = {Science of Computer Programming},
  volume    = {147},
  pages     = {109--134},
  year      = {2017},
  url       = {https://doi.org/10.1016/j.scico.2017.04.008},
  doi       = {10.1016/j.scico.2017.04.008},
  timestamp = {Mon, 02 Oct 2017 15:57:45 +0200},
  biburl    = {https://dblp.org/rec/bib/journals/scp/GiantsiosPS17},
  bibsource = {dblp computer science bibliography, https://dblp.org}
}

@inproceedings{BucurKC2014,
  author    = {Stefan Bucur and
               Johannes Kinder and
               George Candea},
  title     = {Prototyping symbolic execution engines for interpreted languages},
  booktitle = {Architectural Support for Programming Languages and Operating Systems,
               {ASPLOS} '14, Salt Lake City, UT, USA, March 1-5, 2014},
  pages     = {239--254},
  year      = {2014},
  url       = {https://doi.org/10.1145/2541940.2541977},
  doi       = {10.1145/2541940.2541977},
  timestamp = {Tue, 06 Nov 2018 11:07:42 +0100},
  biburl    = {https://dblp.org/rec/bib/conf/asplos/BucurKC14},
  bibsource = {dblp computer science bibliography, https://dblp.org}
}

@article{Xue2019,
  author = "Anton Xue",
  title = "Lazy Counterfactual Symbolic Execution",
  journal = "(in submission)",
  year = "2019",
}

@inproceedings{HallahanXP2017,
  author = "William T. Hallahan and Anton Xue and Ruzica Piskac.",
  title = "Building a Symbolic Execution Engine for Haskell",
  booktitle = "Proceedings of TAPAS 17",
  year = "2017",
}

@inproceedings{NanevskiMSGB08,
  author    = {Aleksandar Nanevski and
               Greg Morrisett and
               Avraham Shinnar and
               Paul Govereau and
               Lars Birkedal},
  title     = {Ynot: dependent types for imperative programs},
  booktitle = {Proceeding of the 13th {ACM} {SIGPLAN} international conference on
               Functional programming, {ICFP} 2008, Victoria, BC, Canada, September
               20-28, 2008},
  pages     = {229--240},
  year      = {2008},
  url       = {https://doi.org/10.1145/1411204.1411237},
  doi       = {10.1145/1411204.1411237},
  timestamp = {Tue, 06 Nov 2018 16:59:25 +0100},
  biburl    = {https://dblp.org/rec/bib/conf/icfp/NanevskiMSGB08},
  bibsource = {dblp computer science bibliography, https://dblp.org}
}

@inproceedings{SwamyWSCL2013,
  author    = {Nikhil Swamy and
               Joel Weinberger and
               Cole Schlesinger and
               Juan Chen and
               Benjamin Livshits},
  title     = {Verifying higher-order programs with the dijkstra monad},
  booktitle = {{ACM} {SIGPLAN} Conference on Programming Language Design and Implementation,
               {PLDI} '13, Seattle, WA, USA, June 16-19, 2013},
  pages     = {387--398},
  year      = {2013},
  url       = {https://doi.org/10.1145/2491956.2491978},
  doi       = {10.1145/2491956.2491978},
  timestamp = {Fri, 30 Nov 2018 12:24:24 +0100},
  biburl    = {https://dblp.org/rec/bib/conf/pldi/SwamyWSCL13},
  bibsource = {dblp computer science bibliography, https://dblp.org}
}

@inproceedings{Swierstra2009,
  title =	"A Hoare Logic for the State Monad",
  author =	"Wouter Swierstra",
  bibdate =	"2017-05-23",
  bibsource =	"DBLP,
		 http://dblp.uni-trier.de/https://doi.org/10.1007/978-3-642-03359-9_30;
		 DBLP,
		 http://dblp.uni-trier.de/db/conf/tphol/tphol2009.html#Swierstra09",
  booktitle =	"Theorem Proving in Higher Order Logics, 22nd
		 International Conference, TPHOLs 2009, Munich, Germany,
		 August 17-20, 2009. Proceedings",
  publisher =	"Springer",
  year = 	"2009",
  volume =	"5674",
  booktitle =	"TPHOLs",
  ISBN = 	"978-3-642-03358-2",
  pages =	"440--451",
  series =	"Lecture Notes in Computer Science",
}

@article{NanevskiMB2006,
  author =	"Aleksandar Nanevski and Greg Morrisett and Lars Birkedal",
  title =	"Polymorphism and separation in {Hoare} type theory",
  journal =	"ACM SIG{\-}PLAN Notices",
  volume =	"41",
  number =	"9",
  pages =	"62--73",
  month =	sep,
  year = 	"2006",
  CODEN =	"SINODQ",
  DOI =  	"https://doi.org/10.1145/1159803.1159812",
  ISSN = 	"0362-1340 (print), 1523-2867 (print), 1558-1160
		 (electronic)",
  ISSN-L =	"0362-1340",
  bibdate =	"Wed Jun 18 10:46:22 MDT 2008",
  bibsource =	"http://www.math.utah.edu/pub/tex/bib/sigplan2000.bib",
  doi-url =	"http://dx.doi.org/https://doi.org/10.1145/1159803.1159812",
}

@article{Hoare1969,
  author =	"Tony Hoare",
  title =	"An Axiomatic Basis for Computer Programming",
  journal =	"CACM: Communications of the ACM",
  volume =	"12",
  year = 	"1969",
}

@inproceedings{DBLP:conf/ppdp/PlasmeijerLMAK12,
  author    = {Rinus Plasmeijer and
               Bas Lijnse and
               Steffen Michels and
               Peter Achten and
               Pieter W. M. Koopman},
  title     = {Task-oriented programming in a pure functional language},
  booktitle = {Principles and Practice of Declarative Programming, PPDP'12, Leuven,
               Belgium - September 19 - 21, 2012},
  pages     = {195--206},
  year      = {2012},
  crossref  = {DBLP:conf/ppdp/2012},
  url       = {https://doi.org/10.1145/2370776.2370801},
  doi       = {10.1145/2370776.2370801},
  timestamp = {Tue, 06 Nov 2018 16:57:25 +0100},
  biburl    = {https://dblp.org/rec/bib/conf/ppdp/PlasmeijerLMAK12},
  bibsource = {dblp computer science bibliography, https://dblp.org}
}

@proceedings{DBLP:conf/ppdp/2012,
  editor    = {Danny De Schreye and
               Gerda Janssens and
               Andy King},
  title     = {Principles and Practice of Declarative Programming, PPDP'12, Leuven,
               Belgium - September 19 - 21, 2012},
  publisher = {{ACM}},
  year      = {2012},
  url       = {http://dl.acm.org/citation.cfm?id=2370776},
  isbn      = {978-1-4503-1522-7},
  timestamp = {Sun, 11 Nov 2012 19:34:31 +0100},
  biburl    = {https://dblp.org/rec/bib/conf/ppdp/2012},
  bibsource = {dblp computer science bibliography, https://dblp.org}
}

@inproceedings{lijnse2012incidone,
  title={Incidone: A task-oriented incident coordination tool},
  author={Lijnse, Bas and Jansen, Jan Martin and Plasmeijer, Rinus and others},
  booktitle={Proceedings of the 9th International Conference on Information Systems for Crisis Response and Management, ISCRAM},
  volume={12},
  year={2012}
}

@incollection{jansen2018dynamic,
  title={Dynamic Resource and Task Management},
  author={Jansen, JM and Bolderheij, F and others},
  booktitle={NL ARMS Netherlands Annual Review of Military Studies 2018},
  pages={91--105},
  year={2018},
  publisher={Springer}
}

@inproceedings{DBLP:conf/cgo/KoopmanLP18,
  author    = {Pieter Koopman and
               Mart Lubbers and
               Rinus Plasmeijer},
  title     = {A Task-Based {DSL} for Microcomputers},
  booktitle = {Proceedings of the Real World Domain Specific Languages Workshop,
               RWDSL@CGO 2018, Vienna, Austria, February 24-24, 2018},
  pages     = {4:1--4:11},
  year      = {2018},
  crossref  = {DBLP:conf/cgo/2018rwdsl},
  url       = {https://doi.org/10.1145/3183895.3183902},
  doi       = {10.1145/3183895.3183902},
  timestamp = {Fri, 05 Apr 2019 11:13:44 +0200},
  biburl    = {https://dblp.org/rec/bib/conf/cgo/KoopmanLP18},
  bibsource = {dblp computer science bibliography, https://dblp.org}
}

@proceedings{DBLP:conf/cgo/2018rwdsl,
  title     = {Proceedings of the Real World Domain Specific Languages Workshop,
               RWDSL@CGO 2018, Vienna, Austria, February 24-24, 2018},
  publisher = {{ACM}},
  year      = {2018},
  url       = {http://dl.acm.org/citation.cfm?id=3183895},
  timestamp = {Fri, 05 Apr 2019 11:12:22 +0200},
  biburl    = {https://dblp.org/rec/bib/conf/cgo/2018rwdsl},
  bibsource = {dblp computer science bibliography, https://dblp.org}
}

@inproceedings{Steenvoorden2019,
  author =	{Tim Steenvoorden and Nico Naus and Markus Klinik},
  title =	"TopHat: A formal foundation for task-oriented programming",
  booktitle = {PPDP'19 (accepted for publication)},
  year = 	"2019"
}

@inproceedings{Naus2019,
  author =	{Nico Naus and Tim Steenvoorden and Markus Klinik},
  title =	"A symbolic execution semantics for Tophat",
  booktitle = {IFL'19 (accepted for publication)},
  year = 	"2019"
}

@article{DBLP:journals/computer/Meyer92,
  author    = {Bertrand Meyer},
  title     = {Applying "Design by Contract"},
  journal   = {{IEEE} Computer},
  volume    = {25},
  number    = {10},
  pages     = {40--51},
  year      = {1992},
  url       = {https://doi.org/10.1109/2.161279},
  doi       = {10.1109/2.161279},
  timestamp = {Mon, 30 Oct 2017 11:35:06 +0100},
  biburl    = {https://dblp.org/rec/bib/journals/computer/Meyer92},
  bibsource = {dblp computer science bibliography, https://dblp.org}
}

@inproceedings{DBLP:conf/sfp/NausJ16,
  author    = {Nico Naus and
               Johan Jeuring},
  title     = {Building a Generic Feedback System for Rule-Based Problems},
  booktitle = {Trends in Functional Programming - 17th International Conference,
               {TFP} 2016, College Park, MD, USA, June 8-10, 2016, Revised Selected
               Papers},
  pages     = {172--191},
  year      = {2016},
  crossref  = {DBLP:conf/sfp/2016},
  url       = {https://doi.org/10.1007/978-3-030-14805-8\_10},
  doi       = {10.1007/978-3-030-14805-8\_10},
  timestamp = {Tue, 14 May 2019 10:00:44 +0200},
  biburl    = {https://dblp.org/rec/bib/conf/sfp/NausJ16},
  bibsource = {dblp computer science bibliography, https://dblp.org}
}
@proceedings{DBLP:conf/sfp/2016,
  editor    = {David Van Horn and
               John Hughes},
  title     = {Trends in Functional Programming - 17th International Conference,
               {TFP} 2016, College Park, MD, USA, June 8-10, 2016, Revised Selected
               Papers},
  series    = {Lecture Notes in Computer Science},
  volume    = {10447},
  publisher = {Springer},
  year      = {2019},
  url       = {https://doi.org/10.1007/978-3-030-14805-8},
  doi       = {10.1007/978-3-030-14805-8},
  isbn      = {978-3-030-14804-1},
  timestamp = {Tue, 14 May 2019 10:00:44 +0200},
  biburl    = {https://dblp.org/rec/bib/conf/sfp/2016},
  bibsource = {dblp computer science bibliography, https://dblp.org}
}

% Books %%%%%%%%%%%%%%%%%%%%%%%%%%%%%%%%%%%%%%%%%%%%%%%%%%%%%%%%%%%%%%%%%%%%%

@book{NielsonN1992,
  author    = {Hanne Riis Nielson and
               Flemming Nielson},
  title     = {Semantics With Applications - A Formal Introduction},
  series    = {Wiley professional computing},
  publisher = {Wiley},
  year      = {1992},
  isbn      = {978-0-471-92980-2},
  timestamp = {Thu, 07 Apr 2011 16:16:03 +0200},
  biburl    = {https://dblp.org/rec/bib/books/daglib/0067731},
  bibsource = {dblp computer science bibliography, https://dblp.org}
}


% Articles %%%%%%%%%%%%%%%%%%%%%%%%%%%%%%%%%%%%%%%%%%%%%%%%%%%%%%%%%%%%%%%%%%%%%

@inproceedings{berry2011hiphop,
  title={{HipHop}: {A} synchronous reactive extension for {Hop}},
  author={Berry, G{\'e}rard and Nicolas, Cyprien and Serrano, Manuel},
  booktitle={Proceedings of the 1st ACM SIGPLAN international workshop on Programming language and systems technologies for internet clients},
  pages={49--56},
  year={2011},
  organization={ACM}
}

@article{journals/corr/BerryS13,
  author    = {G{\'{e}}rard Berry and
               Manuel Serrano},
  title     = {Hop and HipHop : Multitier Web Orchestration},
  journal   = {CoRR},
  volume    = {abs/1312.0078},
  year      = {2013},
  timestamp = {Mon, 13 Aug 2018 16:49:15 +0200},
  biburl    = {https://dblp.org/rec/bib/journals/corr/BerryS13},
  bibsource = {dblp computer science bibliography, https://dblp.org}
}

@article{boussinot1991esterel,
  title={The {Esterel} language},
  author={Boussinot, Fr{\'e}d{\'e}ric and De Simone, Robert},
  journal={Proceedings of the IEEE},
  volume={79},
  number={9},
  pages={1293--1304},
  year={1991},
  publisher={IEEE}
}

@article{journals/scp/BerryG92,
  author    = {G{\'{e}}rard Berry and
               Georges Gonthier},
  title     = {The Esterel Synchronous Programming Language: Design, Semantics, Implementation},
  journal   = {Science of Computer Programming},
  volume    = {19},
  number    = {2},
  pages     = {87--152},
  year      = {1992},
  timestamp = {Wed, 14 Nov 2018 10:21:26 +0100},
  biburl    = {https://dblp.org/rec/bib/journals/scp/BerryG92},
  bibsource = {dblp computer science bibliography, https://dblp.org}
}

@inproceedings{conf/oopsla/MeyerovichGBCGBK09,
  author    = {Leo A. Meyerovich and
               Arjun Guha and
               Jacob P. Baskin and
               Gregory H. Cooper and
               Michael Greenberg and
               Aleks Bromfield and
               Shriram Krishnamurthi},
  title     = {Flapjax: a programming language for Ajax applications},
  booktitle = {Proceedings of the 24th Annual {ACM} {SIGPLAN} Conference on Object-Oriented
               Programming, Systems, Languages, and Applications, {OOPSLA} 2009,
               October 25-29, 2009, Orlando, Florida, {USA}},
  pages     = {1--20},
  year      = {2009},
}


@techreport{CooperK04,
author = {Gregory Cooper and Shriram Krishnamurthi},
year = 2004,
title = {FrTime: Functional Reactive Programming in PLT Scheme},
number = {CS-03-20},
institution = {Department of Computer Science, Brown University, Rhode Island},
pubcat = {techreport}
}

@inproceedings{conf/icfp/ElliottH97,
  author    = {Conal Elliott and
               Paul Hudak},
  title     = {Functional Reactive Animation},
  booktitle = {Proceedings of the 1997 {ACM} {SIGPLAN} International Conference on
               Functional Programming {(ICFP} '97), Amsterdam, The Netherlands, June
               9-11, 1997.},
  pages     = {263--273},
  year      = {1997}
}

@InProceedings{conf/ifl/KlinikJP17,
  title     = "The Sky is the Limit: Analysing Resource Consumption Over Time Using Skylines",
  author    =  "Markus Klinik and Jan Martin Jansen and Rinus Plasmeijer",
  booktitle = "Proceedings of the 29th Symposium on Implementation
     and Application of Functional Programming Languages, IFL 2017",
  publisher = "ACM",
  year      =  "2017",
  booktitle = "IFL",
}

@inproceedings{conf/iscram/LijnseJP12,
  title =	"Incidone: A Task-Oriented Incident Coordination Tool",
  author =	"Bas Lijnse and Jan Martin Jansen and Rinus Plasmeijer",
  year = 	"2012",
  booktitle =	"Proceedings of {ISCRAM}",
}

@inproceedings{conf/cefp/Gibbons13,
  author    = {Jeremy Gibbons},
  title     = {Functional Programming for Domain-Specific Languages},
  booktitle = {Central European Functional Programming School - 5th Summer School,
               {CEFP} 2013},
  year      = {2013},
  timestamp = {Wed, 24 May 2017 08:31:35 +0200},
  biburl    = {https://dblp.org/rec/bib/conf/cefp/Gibbons13},
  bibsource = {dblp computer science bibliography, https://dblp.org}
}

@article{journals/entcs/JaskelioffGH11,
  author    = {Mauro Jaskelioff and
               Neil Ghani and
               Graham Hutton},
  title     = {Modularity and Implementation of Mathematical Operational Semantics},
  journal   = {Electronic Notes on Theoretical Computer Science},
  volume    = {229},
  number    = {5},
  pages     = {75--95},
  year      = {2011},
  timestamp = {Sun, 28 May 2017 13:22:55 +0200},
  biburl    = {https://dblp.org/rec/bib/journals/entcs/JaskelioffGH11},
  bibsource = {dblp computer science bibliography, https://dblp.org}
}

@article{journals/jfp/Swierstra08,
  author    = {Wouter Swierstra},
  title     = {Data types {\`{a}} la carte},
  journal   = {Journal of Functional Programming},
  volume    = {18},
  number    = {4},
  pages     = {423--436},
  year      = {2008},
  timestamp = {Sat, 27 May 2017 14:24:34 +0200},
  biburl    = {https://dblp.org/rec/bib/journals/jfp/Swierstra08},
  bibsource = {dblp computer science bibliography, https://dblp.org}
}

@article{journals/jfp/Brady13,
  author    = {Edwin Brady},
  title     = {Idris, a general-purpose dependently typed programming language: Design
               and implementation},
  journal   = {Journal of Functional Programming},
  volume    = {23},
  number    = {5},
  pages     = {552--593},
  year      = {2013},
  timestamp = {Wed, 14 Nov 2018 10:38:38 +0100},
  biburl    = {https://dblp.org/rec/bib/journals/jfp/Brady13},
  bibsource = {dblp computer science bibliography, https://dblp.org}
}

@inproceedings{conf/ifl/KoopmanPA08,
  author    = {Pieter W. M. Koopman and
               Rinus Plasmeijer and
               Peter Achten},
  title     = {An Executable and Testable Semantics for iTasks},
  booktitle = "Proceedings of the 20th Symposium on Implementation
     and Application of Functional Programming Languages, IFL 2008",
  year      = {2008},
}

@inproceedings{conf/esop/LiangH96,
  author    = {Sheng Liang and
               Paul Hudak},
  title     = {Modular Denotational Semantics for Compiler Construction},
  booktitle = {Programming Languages and Systems - ESOP'96, 6th European Symposium
               on Programming, Link{\"{o}}ping, Sweden, April 22-24, 1996, Proceedings},
  pages     = {219--234},
  year      = {1996},
  crossref  = {conf/esop/1996},
  timestamp = {Mon, 22 May 2017 16:14:04 +0200},
  biburl    = {https://dblp.org/rec/bib/conf/esop/LiangH96},
  bibsource = {dblp computer science bibliography, https://dblp.org}
}

@inproceedings{school/maktoberdorf/PeytonJones01,
  author    = {Simon {Peyton Jones}},
  title     = {Tackling the awkward squad: monadic input/output, concurrency, exceptions, and foreign-language calls in {H}askell},
  booktitle = {Engineering theories of software construction, Marktoberdorf Summer School 2000, Germany},
  year      = {2001},
}

@inproceedings{conf/pepm/PlasmeijerAKLNG11,
  author    = {Rinus Plasmeijer and
               Peter Achten and
               Pieter W. M. Koopman and
               Bas Lijnse and
               Thomas van Noort and
               John H. G. van Groningen},
  title     = {i{T}asks for a change: type-safe run-time change in dynamically evolving
               workflows},
  booktitle = {Proceedings of the 2011 {ACM} {SIGPLAN} Workshop on Partial Evaluation
               and Program Manipulation, {PEPM} 2011, Austin, TX, USA, January 24-25,
               2011},
  pages     = {151--160},
  year      = {2011},
  crossref  = {conf/pepm/2011},
  timestamp = {Tue, 22 May 2012 15:24:56 +0200},
  biburl    = {https://dblp.org/rec/bib/conf/pepm/PlasmeijerAKLNG11},
  bibsource = {dblp computer science bibliography, https://dblp.org}
}

@inproceedings{conf/ppdp/PlasmeijerLMAK12,
  author    = {Rinus Plasmeijer and
               Bas Lijnse and
               Steffen Michels and
               Peter Achten and
               Pieter W. M. Koopman},
  title     = {Task-oriented programming in a pure functional language},
  booktitle = {Principles and Practice of Declarative Programming, PPDP'12, Leuven,
               Belgium, 2012},
  year      = {2012},
}

@article{journals/dpd/AalstHKB03,
  author    = {Wil M. P. van der Aalst and
               Arthur H. M. ter Hofstede and
               Bartek Kiepuszewski and
               Alistair P. Barros},
  title     = {Workflow Patterns},
  journal   = {Distributed and Parallel Databases},
  volume    = {14},
  number    = {1},
  pages     = {5--51},
  year      = {2003},
  timestamp = {Wed, 14 Nov 2018 10:35:22 +0100},
  biburl    = {https://dblp.org/rec/bib/journals/dpd/AalstHKB03},
  bibsource = {dblp computer science bibliography, https://dblp.org}
}

@article{journals/jcsc/Aalst98,
  author    = {Wil M. P. van der Aalst},
  title     = {The Application of Petri Nets to Workflow Management},
  journal   = {Journal of Circuits, Systems, and Computers},
  volume    = {8},
  number    = {1},
  pages     = {21--66},
  year      = {1998},
  timestamp = {Wed, 14 Nov 2018 10:41:13 +0100},
  biburl    = {https://dblp.org/rec/bib/journals/jcsc/Aalst98},
  bibsource = {dblp computer science bibliography, https://dblp.org}
}

@article{DBLP:journals/is/AalstH05,
  author    = {Wil M. P. van der Aalst and
               Arthur H. M. ter Hofstede},
  title     = {{YAWL:} yet another workflow language},
  journal   = {Information Systems},
  volume    = {30},
  number    = {4},
  pages     = {245--275},
  year      = {2005},
  timestamp = {Wed, 14 Nov 2018 10:26:47 +0100},
  biburl    = {https://dblp.org/rec/bib/journals/is/AalstH05},
  bibsource = {dblp computer science bibliography, https://dblp.org}
}

@inproceedings{DBLP:conf/sfp/StutterheimPA14,
  author    = {Jurri{\"{e}}n Stutterheim and
               Rinus Plasmeijer and
               Peter Achten},
  title     = {Tonic: An Infrastructure to Graphically Represent the Definition and
               Behaviour of Tasks},
  booktitle = {Trends in Functional Programming - 15th International Symposium, {TFP}
               2014, Soesterberg, The Netherlands, May 26-28, 2014. Revised Selected
               Papers},
  pages     = {122--141},
  year      = {2014},
  crossref  = {DBLP:conf/sfp/2014},
  timestamp = {Fri, 26 May 2017 00:49:32 +0200},
  biburl    = {https://dblp.org/rec/bib/conf/sfp/StutterheimPA14},
  bibsource = {dblp computer science bibliography, https://dblp.org}
}

@inproceedings{koopman2018task,
  title={A task-based dsl for microcomputers},
  author={Koopman, Pieter and Lubbers, Mart and Plasmeijer, Rinus},
  booktitle={Proceedings of the Real World Domain Specific Languages Workshop},
  pages={4},
  year={2018}
}

% Books %%%%%%%%%%%%%%%%%%%%%%%%%%%%%%%%%%%%%%%%%%%%%%%%%%%%%%%%%%%%%%%%%%%%%%%%


@book{books/Downey08LBOS,
  author    = {Allen B. Downey},
  title     = {The Little Book of Semaphores},
  publisher = {Green Tea Press},
  year      = {2008},
}


@book{books/Harper16PFPL,
  author    = {Robert Harper},
  title     = {Practical foundations for programming languages},
  publisher = {Cambridge University Press},
  year      = {2016},
  isbn      = {978-1-107-15030-0}
}

@book{books/Pierce02TAPL,
  author    = {Benjamin C. Pierce},
  title     = {Types and programming languages},
  publisher = {{MIT} Press},
  year      = {2002},
  isbn      = {978-0-262-16209-8},
  timestamp = {Thu, 03 Feb 2011 10:51:35 +0100},
  biburl    = {https://dblp.org/rec/bib/books/daglib/0005958},
  bibsource = {dblp computer science bibliography, https://dblp.org}
}

@book{books/Hoare85CSP,
  author    = {C. A. R. Hoare},
  title     = {Communicating Sequential Processes},
  publisher = {Prentice Hall Int'l},
  year      = {1985}
}

@book{books/Milner89CAC,
  author    = {Robin Milner},
  title     = {Communication and concurrency},
  series    = {{PHI} Series in computer science},
  publisher = {Prentice Hall},
  year      = {1989},
}



% Reports %%%%%%%%%%%%%%%%%%%%%%%%%%%%%%%%%%%%%%%%%%%%%%%%%%%%%%%%%%%%%%%%%%%%%%



@manual{manuals/PlasmeijerEG98,
  author       = {Rinus Plasmeijer and
                  Marko van Eekelen and
                  John van Groningen},
  title        = {Concurrent {C}lean language report},
  organisation = {University of Nijmegen},
  address      = {Nijmegen, The Netherlands},
  edition      = {2.2},
  year         = {1998}
}


@manual{marlow2010haskell,
  title={Haskell 2010 language report},
  author={Marlow, Simon and others},
  journal={Available online http://www. haskell. org/(May 2011)},
  year={2010}
}


% Theses %%%%%%%%%%%%%%%%%%%%%%%%%%%%%%%%%%%%%%%%%%%%%%%%%%%%%%%%%%%%%%%%%%%%%%%



@misc{theses/nlda/Kool17,
  author = {Bram Kool},
  title = {Integrated Mission Management voor {C2}-on\-der\-steu\-ning},
  year = {2017},
  note = {Dutch Defence Academy, Den Helder, The Netherlands},
  howpublished = {Bachelor's Thesis}
}

@mastersthesis{theses/radboud/VinterHviid18,
  author  = {Andreas Vinter-Hviid},
  title   = {Modular semantics for task oriented programming},
  institution  = {Radboud University},
  address = {Nijmegen, The Netherlands},
  year    = {2018}
}

@phdthesis{theses/radboud/Stutterheim17,
  author    = {Jurri{\"{e}}n Stutterheim},
  title   = {A Cocktail of Tools},
  institution  = {Radboud University},
  address = {Nijmegen, The Netherlands},
  year    = {2017}
}

@phdthesis{chen2017chorus,
  title={Chorus: end user programming of social applications},
  author={Chen, Jodie Lian},
  year={2017},
  institution={Massachusetts Institute of Technology}
}

% Proceedings %%%%%%%%%%%%%%%%%%%%%%%%%%%%%%%%%%%%%%%%%%%%%%%%%%%%%%%%%%%%%%%%%%



@proceedings{conf/cefp/2013,
  title     = {Central European Functional Programming School - 5th Summer School,
               {CEFP} 2013, Cluj-Napoca, Romania, July 8-20, 2013, Revised Selected
               Papers},
  series    = {Lecture Notes in Computer Science},
  volume    = {8606},
  publisher = {Springer},
  year      = {2015},
  isbn      = {978-3-319-15939-3},
  timestamp = {Wed, 24 May 2017 08:31:35 +0200},
  biburl    = {https://dblp.org/rec/bib/conf/cefp/2013},
  bibsource = {dblp computer science bibliography, https://dblp.org}
}

@proceedings{conf/esop/1996,
  title     = {Programming Languages and Systems - ESOP'96, 6th European Symposium
               on Programming, Link{\"{o}}ping, Sweden, April 22-24, 1996, Proceedings},
  series    = {Lecture Notes in Computer Science},
  volume    = {1058},
  publisher = {Springer},
  year      = {1996},
  isbn      = {3-540-61055-3},
  timestamp = {Mon, 22 May 2017 16:14:04 +0200},
  biburl    = {https://dblp.org/rec/bib/conf/esop/1996},
  bibsource = {dblp computer science bibliography, https://dblp.org}
}

@proceedings{conf/ifl/2008,
  title     = {Implementation and Application of Functional Languages - 20th International
               Symposium, {IFL} 2008, Hatfield, UK, September 10-12, 2008. Revised
               Selected Papers},
  series    = {Lecture Notes in Computer Science},
  volume    = {5836},
  publisher = {Springer},
  year      = {2011},
  isbn      = {978-3-642-24451-3},
  timestamp = {Thu, 25 May 2017 00:42:10 +0200},
  biburl    = {https://dblp.org/rec/bib/conf/ifl/2008},
  bibsource = {dblp computer science bibliography, https://dblp.org}
}

@proceedings{school/maktoberdorf/2000,
  title     = {Engineering theories of software construction, Marktoberdorf Summer School 2000, Maktoberdor, Germany.},
  series    = {{NATO} {ASI} Series},
  publisher = {{IOS} Press},
  year      = {2001}
}

@proceedings{conf/pepm/2011,
  title     = {Proceedings of the 2011 {ACM} {SIGPLAN} Workshop on Partial Evaluation
               and Program Manipulation, {PEPM} 2011, Austin, TX, USA, January 24-25,
               2011},
  publisher = {{ACM}},
  year      = {2011},
  url       = {http://dl.acm.org/citation.cfm?id=1929501},
  isbn      = {978-1-4503-0485-6},
  timestamp = {Tue, 22 May 2012 15:24:56 +0200},
  biburl    = {https://dblp.org/rec/bib/conf/pepm/2011},
  bibsource = {dblp computer science bibliography, https://dblp.org}
}

@proceedings{conf/ppdp/2012,
  title     = {Principles and Practice of Declarative Programming, PPDP'12, Leuven,
               Belgium - September 19 - 21, 2012},
  publisher = {{ACM}},
  year      = {2012},
  url       = {http://dl.acm.org/citation.cfm?id=2370776},
  isbn      = {978-1-4503-1522-7},
  timestamp = {Sun, 11 Nov 2012 19:34:31 +0100},
  biburl    = {https://dblp.org/rec/bib/conf/ppdp/2012},
  bibsource = {dblp computer science bibliography, https://dblp.org}
}

@proceedings{conf/sfp/2017,
  title     = {Trends in Functional Programming - 18th International Symposium, {TFP}
               2017, Canterbury, UK, June 19-21, 2017, Revised Selected Papers},
  series    = {Lecture Notes in Computer Science},
  volume    = {10788},
  publisher = {Springer},
  year      = {2018},
  isbn      = {978-3-319-89718-9},
  timestamp = {Thu, 19 Apr 2018 13:38:43 +0200},
  biburl    = {https://dblp.org/rec/bib/conf/sfp/2017},
  bibsource = {dblp computer science bibliography, https://dblp.org}
}

%%%  URLS %%%%%%%%%%%%%%%%%%%%%%%%%%%%%%%%%%%%

@misc{reactive-banana,
  author = {Heinrich Apfelmus},
  title = {reactive-banana},
  howpublished = "\url{https://wiki.haskell.org/Reactive-banana}",
  year = {2019},
  note = "[Accessed 13-Febuary-2019]"
}

@misc{IFTTT,
  author = {Linden Tibbets},
  title = {IFTTT},
  howpublished = "\url{https://ifttt.com/}",
  year = {2019},
  note = "[Accessed 12-Febuary-2019]"
}

@misc{googleforms,
  author = {Google},
  title = {Forms},
  howpublished = "\url{https://www.google.com/forms/about/}",
  year = {2019},
  note = "[Accessed 12-Febuary-2019]"
}

@misc{wufoo,
  author = {SurveyMonkey},
  title = {SurveyMonkey},
  howpublished = "\url{https://surveymonkey.com/}",
  year = {2019},
  note = "[Accessed 12-Febuary-2019]"
}

@misc{bpel,
  author = {OASIS},
  title = {Web Services Business Process Execution Language},
  howpublished = "\url{https://www.oasis-open.org/committees/tc_home.php?wg_abbrev=wsbpel}",
  year = {2019},
  note = "[Accessed 12-Febuary-2019]"
}
